@phdthesis{guizzardi2005,
	Address = {Enschede, The Netherlands},
	Author = {Giancarlo Guizzardi},
	Date-Added = {2012-04-23 11:35:28 +0000},
	Date-Modified = {2012-04-23 11:35:28 +0000},
	School = {Centre for Telematics and Information Technology, University of Twente},
	Title = {Ontological Foundations for Structural Conceptual Models},
	Url = {http://www.loa.istc.cnr.it/Guizzardi/SELMAS-CR.pdf},
	Urlaccessdate = {3.7.2011},
	Year = {2005},
	Bdsk-Url-1 = {http://www.loa.istc.cnr.it/Guizzardi/SELMAS-CR.pdf}}

@inbook{guarino1995,
	Address = {Vienna},
	Author = {Nicola Guarino},
	Booktitle = {Philosophy and the Cognitive Science},
	Date-Added = {2012-04-23 11:34:29 +0000},
	Date-Modified = {2012-04-23 11:34:29 +0000},
	Editor = {R. Casati and B. Smith and G. White},
	Month = {September},
	Pages = {443-456},
	Publisher = {Holder-Pivhler-Tempsky},
	Title = {The Ontological Level},
	Url = {http://wiki.loa-cnr.it/Papers/OntLev.pdf},
	Urlaccessdate = {2.1.2012},
	Year = {1995},
	Bdsk-Url-1 = {http://wiki.loa-cnr.it/Papers/OntLev.pdf}}

@incollection{bates2010,
	Address = {New York},
	Author = {Marcia J. Bates},
	Booktitle = {Encyclopedia of Library and Information Sciences},
	Date-Added = {2012-04-23 11:34:29 +0000},
	Date-Modified = {2012-04-23 11:34:29 +0000},
	Edition = {3rd},
	Editor = {Marcia J. Bates and Mary Niles Maack},
	Pages = {2347-2360},
	Publisher = {CRC Press},
	Title = {Information},
	Url = {http://pages.gseis.ucla.edu/faculty/bates/articles/information.html},
	Urlaccessdate = {24.10.2011},
	Volume = {3},
	Year = {2010},
	Bdsk-Url-1 = {http://pages.gseis.ucla.edu/faculty/bates/articles/information.html}
}

@article{alam2015eleventh,
  title={},
  author={Alam, Shadab and Albareti, Franco D and Prieto, Carlos Allende and Anders, Friedrich and Anderson, Scott F and Anderton, Timothy and Andrews, Brett H and Armengaud, Eric and Aubourg, {\'E}ric and Bailey, Stephen and others},
  journal={The Astrophysical Journal Supplement Series},
  volume={219},
  number={1},
  pages={12},
  year={2015},
  publisher={IOP Publishing}
}

@article{kennicutt1998star,
  title={Star Formation in Galaxies Along the Hubble Sequence},
  author={Kennicutt, RC},
  journal={Annual Review of Astronomy and Astrophysics},
  volume={36},
  number={1},
  pages={189--231},
  year={1998}
}

@article{arp1966atlas,
  title={Atlas of peculiar galaxies},
  author={Arp, Halton},
  journal={The Astrophysical Journal Supplement Series},
  volume={14},
  pages={1},
  year={1966}
}

@article{few1986ring,
  title={},
  author={Few, Jane MA and Madore, Barry F},
  journal={Monthly Notices of the Royal Astronomical Society},
  volume={222},
  number={4},
  pages={673--682},
  year={1986},
  publisher={Oxford University Press Oxford, UK}
}

@ARTICLE{bica1988A,
   author = {{Bica}, E.},
    title = "{Population synthesis in galactic nuclei using a library of star clusters}",
  journal = {\aap},
 keywords = {Galactic Evolution, Galactic Nuclei, Spiral Galaxies, Star Clusters, Globular Clusters, Metallic Stars, Red Shift},
     year = 1988,
    month = apr,
   volume = 195,
    pages = {76-92},
   adsurl = {http://adsabs.harvard.edu/abs/1988A%26A...195...76B},
  adsnote = {Provided by the SAO/NASA Astrophysics Data System}
}

@article{bonnarel2000aladin,
  title={},
  author={Bonnarel, Fran{\c{c}}ois and Fernique, Pierre and Bienaym{\'e}, Olivier and Egret, Daniel and Genova, Fran{\c{c}}oise and Louys, Mireille and Ochsenbein, Fran{\c{c}}ois and Wenger, Marc and Bartlett, James G},
  journal={Astronomy and Astrophysics Supplement Series},
  volume={143},
  number={1},
  pages={33--40},
  year={2000},
  publisher={EDP Sciences}
}

@article{bruzual2003stellar,
  title={},
  author={Bruzual, G and Charlot, Stephane},
  journal={Monthly Notices of the Royal Astronomical Society},
  volume={344},
  number={4},
  pages={1000--1028},
  year={2003},
  publisher={Blackwell Science Ltd Oxford, UK}
}

@article{cappellari2011atlas3d,
  title={},
  author={Cappellari, Michele and Emsellem, Eric and Krajnovi{\'c}, Davor and McDermid, Richard M and Scott, Nicholas and Verdoes Kleijn, GA and Young, Lisa M and Alatalo, Katherine and Bacon, R and Blitz, Leo and others},
  journal={Monthly Notices of the Royal Astronomical Society},
  volume={413},
  number={2},
  pages={813--836},
  year={2011a},
  publisher={The Royal Astronomical Society}
}

@article{chabrier2003galactic,
  title={},
  author={Chabrier, Gilles},
  journal={Publications of the Astronomical Society of the Pacific},
  volume={115},
  number={809},
  pages={763},
  year={2003},
  publisher={IOP Publishing}
}

@article{cid2004star,
  title={},
  author={Cid Fernandes, R and Gu, Q and Melnick, J and Terlevich, E and Terlevich, R and Kunth, D and Rodrigues Lacerda, R and Joguet, B},
  journal={Monthly Notices of the Royal Astronomical Society},
  volume={355},
  number={1},
  pages={273--296},
  year={2004},
  publisher={Blackwell Science Ltd Oxford, UK}
}

@article{fernandes2005semi,
  title={},
  author={Fernandes, Roberto Cid and Mateus, Ab{\'\i}lio and Sodr{\'e}, Laerte and Stasi{\'n}ska, Gra{\.z}yna and Gomes, Jean M},
  journal={Monthly Notices of the Royal Astronomical Society},
  volume={358},
  number={2},
  pages={363--378},
  year={2005},
  publisher={The Royal Astronomical Society}
}

@article{fernandes2007uncovering,
  title={},
  author={Fernandes, R Cid and Asari, NV and Sodr{\'e}, L and Stasi{\'n}ska, G and Mateus, A and Torres-Papaqui, JP and Schoenell, W},
  journal={Monthly Notices of the Royal Astronomical Society: Letters},
  volume={375},
  number={1},
  pages={L16--L20},
  year={2007},
  publisher={Blackwell Science Ltd Oxford, UK}
}

@article{coziol1999abundance,
  title={},
  author={Coziol, R and Reyes, RE Carlos and Considere, S and Davoust, E and Contini, T},
  journal={Astron. Astrophys},
  volume={345},
  pages={733--746},
  year={1999}
}

@article{poppeda2010eso,
  title={},
  author={da Rocha-Poppe, PC and Fa{\'u}ndez-Abans, M and Fernandes-Martin, VA and Fernandes, IF and de Oliveira-Abans, M and Rodr{\'\i}gues-Ardila, A},
  journal={Monthly Notices of the Royal Astronomical Society},
  volume={402},
  number={3},
  pages={1480--1488},
  year={2010, 2011},
  publisher={Blackwell Publishing Ltd Oxford, UK}
}

@article{da2010long,
  title={},
  author={da Rocha-Poppe, PC and Fa{\'u}ndez-Abans, M and Fernandes-Martin, VA and de Oliveira-Abans, M and Fernandes, IF and Lago, PJA},
  journal={Monthly Notices of the Royal Astronomical Society},
  volume={410},
  number={2},
  pages={1145--1154},
  year={2010},
  publisher={Blackwell Publishing Ltd Oxford, UK}
}

@article{donzelli1997spectroscopic,
  title={Spectroscopic observations of merging galaxies},
  author={Donzelli, Carlos J and Pastoriza, Miriani Griselda},
  journal={The Astronomical Journal},
  volume={120},
  number={1},
  pages={189},
  year={1997},
  publisher={IOP Publishing}
}

@article{donzelli2000spectroscopic,
  title={Spectroscopic observations of merging galaxies},
  author={Donzelli, Carlos J and Pastoriza, Miriani Griselda},
  journal={The Astronomical Journal},
  volume={120},
  number={1},
  pages={189},
  year={2000},
  publisher={IOP Publishing}
}

@article{faundez2013broad,
  title={Broad-band photometry and long-slit spectroscopy of the peculiar ring galaxy FM 287-14},
  author={Fa{\'u}ndez-Abans, M and da Rocha-Poppe, PC and Fernandes-Martin, VA and de Oliveira-Abans, M and Fernandes, IF and Wenderoth, E and Rodr{\'\i}guez-Ardila, A},
  journal={Astronomy \& Astrophysics},
  volume={559},
  pages={A8},
  year={2013},
  publisher={EDP Sciences}
}

@article{freitas2017peculiar,
  title={The peculiar ring galaxy HRG 54103 revisited},
  author={Freitas-Lemes, P and Krabbe, AC and Fa{\'u}ndez-Abans, M and da Rocha-Poppe, P and Rodrigues, I and de Oliveira-Abans, M and Fernandes-Martin, VA},
  journal={Monthly Notices of the Royal Astronomical Society},
  volume={468},
  number={3},
  pages={3159--3165},
  year={2017},
  publisher={Oxford University Press}
}

@article{jarrett2004large,
  title={Large scale structure in the local universe—the 2mass galaxy catalog},
  author={Jarrett, Thomas},
  journal={Publications of the Astronomical Society of Australia},
  volume={21},
  number={4},
  pages={396--403},
  year={2004},
  publisher={Cambridge University Press}
}

@article{krabbe2017interaction,
  title={Interaction effects on galaxy pairs with Gemini/GMOS-III: stellar population synthesis},
  author={Krabbe, Angela Cristina and Rosa, Deise Aparecida and Pastoriza, Miriani Griselda and Hägele, GF and Cardaci, M{\'o}nica V and Dors Jr, OL and Winge, Claudia},
  journal={Monthly Notices of the Royal Astronomical Society},
  volume={467},
  number={1},
  pages={27--49},
  year={2017},
  publisher={Oxford University Press}
}

@ARTICLE {hubble1926ed,
    author  = "Hubble, Edwin",
    journal = "Apj",
    year    = "1926",
    volume  = "64",
    pages   = "321"
}

@article{ma2014massive,
  title={The MASSIVE survey. I. A volume-limited integral-field spectroscopic study of the most massive early-type galaxies within 108 Mpc},
  author={Ma, Chung-Pei and Greene, Jenny E and McConnell, Nicholas and Janish, Ryan and Blakeslee, John P and Thomas, Jens and Murphy, Jeremy D},
  journal={The Astrophysical Journal},
  volume={795},
  number={2},
  pages={158},
  year={2014},
  publisher={IOP Publishing}
}

@book{mackay2003information,
  title={Information theory, inference and learning algorithms},
  author={MacKay, David JC},
  year={2003},
  publisher={Cambridge university press}
}

@article{perez2013cosmic,
  title={The cosmic evolution of oxygen and nitrogen abundances in star-forming galaxies over the past 10 Gyr},
  author={P{\'e}rez-Montero, E and Contini, T and Lamareille, F and Maier, C and Carollo, CM and Kneib, J-P and Le F{\`e}vre, O and Lilly, S and Mainieri, V and Renzini, A and others},
  journal={Astronomy \& Astrophysics},
  volume={549},
  pages={A25},
  year={2013},
  publisher={EDP Sciences}
}

@article{sanchez2012califa,
  title={CALIFA, the Calar Alto Legacy Integral Field Area survey-I. Survey presentation},
  author={S{\'a}nchez, SF and Kennicutt, RC and de Paz, A Gil and van de Ven, G and V{\'\i}lchez, JM and Wisotzki, L and Walcher, CJ and Mast, D and Aguerri, JAL and Albiol-P{\'e}rez, S and others},
  journal={Astronomy \& Astrophysics},
  volume={538},
  pages={A8},
  year={2012},
  publisher={EDP Sciences}
}

@article{sekiguchi1993spectroscopic,
  title={Spectroscopic observations of Arp--Madore interacting galaxies--II. Galaxies with tails, loops of material or debris},
  author={Sekiguchi, Kazuhiro and Wolstencroft, Ramon D},
  journal={Monthly Notices of the Royal Astronomical Society},
  volume={263},
  number={2},
  pages={349--359},
  year={1992, 1993},
  publisher={The Royal Astronomical Society}
}

@article{skrutskie2006two,
  title={The two micron all sky survey (2MASS)},
  author={Skrutskie, MF and Cutri, RM and Stiening, R and Weinberg, MD and Schneider, S and Carpenter, JM and Beichman, Capps and Capps, R and Chester, T and Elias, J and others},
  journal={The Astronomical Journal},
  volume={131},
  number={2},
  pages={1163},
  year={2006},
  publisher={IOP Publishing}
}

@article{trager1998old,
  title={Old stellar populations. VI. absorption-line spectra of galaxy nuclei and globular clusters},
  author={Trager, SC and Worthey, Guy and Faber, SM and Burstein, David and Gonzalez, J Jesus},
  journal={The Astrophysical Journal Supplement Series},
  volume={116},
  number={1},
  pages={1},
  year={1998},
  publisher={IOP Publishing}
}

@article{von2007special,
  title={How special are brightest group and cluster galaxies?},
  author={Von Der Linden, Anja and Best, Philip N and Kauffmann, Guinevere and White, Simon DM},
  journal={Monthly Notices of the Royal Astronomical Society},
  volume={379},
  number={3},
  pages={867--893},
  year={2007},
  publisher={Blackwell Publishing Ltd Oxford, UK}
}

@article{tim2002sauron,
  title={The SAURON project—II. Sample and early results},
  author={Tim de Zeeuw, P and Bureau, M and Emsellem, Eric and Bacon, R and Marcella Carollo, C and Copin, Y and Davies, Roger L and Kuntschner, Harald and Miller, Bryan W and Monnet, G and others},
  journal={Monthly Notices of the Royal Astronomical Society},
  volume={329},
  number={3},
  pages={513--530},
  year={2002},
  publisher={The Royal Astronomical Society}
}

@book{arp1987catalogue,
  title={A Catalogue of Southern Peculiar Galaxies and Associations: Volume 1, Positions and Descriptions},
  author={Arp, Halton C and Madore, B},
  volume={1},
  year={1987},
  publisher={Cambridge University Press}
}

@article{faundez2015visiting,
  title={Visiting two objects in the field of the ring galaxy HRG 2302},
  author={Fa{\'u}ndez-Abans, M and Reshetnikov, VP and de Oliveira-Abans, M and Krabbe, AC and da Rocha-Poppe, PC and Fernandes-Martin, VA and Am{\^o}res, EB and Freitas-Lemes, P},
  journal={Astronomy \& Astrophysics},
  volume={574},
  pages={A70},
  year={2015},
  publisher={EDP Sciences}
}

@ARTICLE {poppeppre,
    author = "Silva A.L., da Rocha-Poppe, Fernandes-Martin",
    title  = "em preparação",
    year   = "2017"
}

@article{van2001cosmic,
  title={Cosmic-ray rejection by Laplacian edge detection},
  author={Van Dokkum, Pieter G},
  journal={Publications of the Astronomical Society of the Pacific},
  volume={113},
  number={789},
  pages={1420},
  year={2001},
  publisher={IOP Publishing}
}

@article{veilleux1987spectral,
  title={Spectral classification of emission-line galaxies},
  author={Veilleux, Sylvain and Osterbrock, Donald E},
  journal={The Astrophysical Journal Supplement Series},
  volume={63},
  pages={295--310},
  year={1987}
}

@article{perez2003line,
  title={Line temperatures and elemental abundances in H II galaxies},
  author={P{\'e}rez-Montero, Enrique and D{\'\i}az, Angeles I},
  journal={Monthly Notices of the Royal Astronomical Society},
  volume={346},
  number={1},
  pages={105--118},
  year={2003},
  publisher={Wiley Online Library}
}

@misc{petrucci, 
title={As galáxias de Seyfert}, url={http://www.oal.ul.pt/oobservatorio/vol6/n4/vol6n04_4.html},
year={}
journal={O Observat\'orio -- {\large\bf As gal\'axias de Seyfert}}, author={Petrucci, Pierre Olivier}}

@book{freedman_kaufmann_2008,
place={New York},
edition={8th},
title={Universe},
publisher={W.H. Freeman},
author={Freedman, Roger A. and Kaufmann, William J.}, 
Pages = {677},
year={2008}}

@misc{burrows,
title={Active Galaxies, Distant Galaxies, and The Expanding Universe}, url={http://www.astro.princeton.edu/~burrows/classes/250/distant_galaxies.html},
journal={Princeton University},
publisher={The Trustees of Princeton University},
year={2000},
author={Burrows, Adam}}

@misc{brandt_2017, title={Astro 1: `Slides' for Class 21 - Examples of Galaxies}, url={http://personal.psu.edu/wnb3/astro1/slideshows/class21/slides-21.html}, journal={Astro 1: Slides for Class 21}, author={Brandt, William Nielsen}, year={2017}, month={Jul}}

@article{buta2015classical,
  title={A classical morphological analysis of galaxies in the Spitzer survey of stellar structure in galaxies (S4G)},
  author={Buta, Ronald J and Sheth, Kartik and Athanassoula, E and Bosma, Albert and Knapen, Johan H and Laurikainen, Eija and Salo, Heikki and Elmegreen, Debra and Ho, Luis C and Zaritsky, Dennis and others},
  journal={The Astrophysical Journal Supplement Series},
  volume={217},
  number={2},
  pages={32},
  year={2015},
  publisher={IOP Publishing}
}

@article{casasola2004gas,
  title={The gas content of peculiar galaxies: Strongly interacting systems},
  author={Casasola, V and Bettoni, D and Galletta, G},
  journal={Astronomy \& Astrophysics},
  volume={422},
  number={3},
  pages={941--950},
  year={2004},
  publisher={EDP Sciences}
}

@ARTICLE {dacosta1991,
    author  = "Pellegrini P. S.,da Costa N. J., Davis M., et al.",
    journal = "ApJS",
    year    = "1991",
    pages   = "75"
}

@ARTICLE {dacosta1998,
    author  = "Willmer C. N. A. Pellegrini P. S., da Costa N. J., et al.",
    journal = "AJ",
    year    = "1998",
    pages   = "116"
}

@ARTICLE {Vaucouleurs,
    author  = "de Vaucouleurs G., de Vaucouleurs A., Corwin Jr. H. G.",
    title   = "Third Reference Catalogue of Bright Galaxies, Version 3.9",
    journal = "AJ",
    year    = "1991"
}

@ARTICLE {dreyer,
    author  = "Dreyer",
    title   = "Third Reference Catalogue of Bright Galaxies, Version 3.9",
    journal = "Mem. R. A. S.",
    year    = "1888",
    volume  = "49",
    pages   = "1-237"
}

@ARTICLE {holwerda,
    author  = "Holwerda B. W., Munoz-Mateos J. C., Comeron S., et al.",
    journal = "ApJ",
    year    = "2014",
    pages   = "781"
}

@article{karachentsev2013star,
  title={Star formation properties in the local volume galaxies via H$\alpha$ and far-ultraviolet fluxes},
  author={Karachentsev, Igor D and Kaisina, Elena I},
  journal={The Astronomical Journal},
  volume={146},
  number={3},
  pages={46},
  year={2013},
  publisher={IOP Publishing}
}

@ARTICLE {Kennicutt2014d,
    author  = "Kennicutt R. C. Jr., Lee J. C., Funes S. J. et al.",
    journal = "ApJS",
    year    = "2008",
    pages   = "1788"
}

@ARTICLE {menzies,
    author  = " Coulson I. M.,Menzies J. W., Sargent W. L. M.",
    journal = "AJ",
    year    = "1989",
    pages   = "97"
}


@article{micheva2013deep,
  title={Deep multiband surface photometry on a sample of 24 blue compact galaxies--I},
  author={Micheva, Genoveva and {\"O}stlin, G{\"o}ran and Bergvall, Nils and Zackrisson, Erik and Masegosa, Josefa and Marquez, Isabel and Marquart, Thomas and Durret, Florence},
  journal={Monthly Notices of the Royal Astronomical Society},
  volume={431},
  number={1},
  pages={102--144},
  year={2013},
  publisher={The Royal Astronomical Society}
}

@article{paturel2003hyperleda,
  title={HYPERLEDA-I. Identification and designation of galaxies},
  author={Paturel, G and Petit, C and Prugniel, Ph and Theureau, G and Rousseau, J and Brouty, M and Dubois, P and Cambr{\'e}sy, L},
  journal={Astronomy \& Astrophysics},
  volume={412},
  number={1},
  pages={45--55},
  year={2003},
  publisher={EDP Sciences}
}

@article{ragaigne2003search,
  title={A search for Low Surface Brightness galaxies in the near-infrared-III. Nan{\c{c}}ay $$\backslash$ion $\{$H$\}$$\{$i$\}$ $ line observations},
  author={Ragaigne, D Monnier and van Driel, W and Schneider, SE and Balkowski, C and Jarrett, TH},
  journal={Astronomy \& Astrophysics},
  volume={408},
  number={2},
  pages={465--477},
  year={2003},
  publisher={EDP Sciences}
}

@article{ragaigne2003search,
  title={A search for Low Surface Brightness galaxies in the near-infrared-III. Nan{\c{c}}ay $$\backslash$ion $\{$H$\}$$\{$i$\}$ $ line observations},
  author={Ragaigne, D Monnier and van Driel, W and Schneider, SE and Balkowski, C and Jarrett, TH},
  journal={Astronomy \& Astrophysics},
  volume={408},
  number={2},
  pages={465--477},
  year={2003},
  publisher={EDP Sciences}
}

@ARTICLE {salo,
    author  = "Salo H., Heikki L., Eija L., et al.",
    journal = "ApJS",
    year    = "2015",
    pages   = "219"
}

@article{dopita2002star,
  title={Star formation rates in interacting starburst galaxies},
  author={Dopita, MA and Pereira, M and Kewley, LJ and Capaccioli, M},
  journal={The Astrophysical Journal Supplement Series},
  volume={143},
  number={1},
  pages={47},
  year={2002},
  publisher={IOP Publishing}
}

@article{vorontsov2003possibly,
  title={Possibly interacting Vorontsov-Velyaminov galaxies-II. The 6-m telescope spectroscopy of VV 080, 131, 499, 523 and 531},
  author={Pustilnik, S and Zasov, A and Kniazev, A and Pramskij, A and Ugryumov, A and Burenkov, A},
  journal={Astronomy \& Astrophysics},
  volume={400},
  number={3},
  pages={841--857},
  year={2003},
  publisher={EDP Sciences}
}

@BOOK {vorotsov1968,
    author  = "Vorontsov, Arhipova, V. P.",
    title   = "Morphological Catalogue of Galaxies",
    year    = "1968",
    volume  = "volume IV",
    address = "Moscow: Moscow State University"
}

@book{knapp2014interpersonal,
  title={Interpersonal communication \& human relationships},
  author={Knapp, Mark L and Vangelisti, Anita L and Caughlin, John P},
  year={2014},
  publisher={Pearson Higher Ed}
}

@article{jones20046df,
  title={The 6dF Galaxy Survey: samples, observational techniques and the first data release},
  author={Jones, D Heath and Saunders, Will and Colless, Matthew and Read, Mike A and Parker, Quentin A and Watson, Fred G and Campbell, Lachlan A and Burkey, Daniel and Mauch, Thomas and Moore, Lesa and others},
  journal={Monthly Notices of the Royal Astronomical Society},
  volume={355},
  number={3},
  year={2004},
  publisher={Blackwell Science Ltd}
}

@article{jarrett20002mass,
  title={2MASS extended source catalog: overview and algorithms},
  author={Jarrett, TH and Chester, T and Cutri, R and Schneider, S and Skrutskie, M and Huchra, JP},
  journal={The Astronomical Journal},
  volume={119},
  number={5},
  pages={2498},
  year={2000},
  publisher={IOP Publishing}
}

@article{willick1997homogeneous,
  title={Homogeneous velocity-distance data for peculiar velocity analysis. iii. the mark iii catalog of galaxy peculiar velocities},
  author={Willick, Jeffrey A and Courteau, St{\'e}phane and Faber, SM and Burstein, David and Dekel, Avishai and Strauss, Michael A},
  journal={The Astrophysical Journal Supplement Series},
  volume={109},
  number={2},
  pages={333},
  year={1997},
  publisher={IOP Publishing}
}

@article{jones20096df,
  title={The 6dF Galaxy Survey: final redshift release (DR3) and southern large-scale structures},
  author={Jones, D Heath and Read, Mike A and Saunders, Will and Colless, Matthew and Jarrett, Tom and Parker, Quentin A and Fairall, Anthony P and Mauch, Thomas and Sadler, Elaine M and Watson, Fred G and others},
  journal={Monthly Notices of the Royal Astronomical Society},
  volume={399},
  number={2},
  pages={683--698},
  year={2009},
  publisher={Blackwell Publishing Ltd Oxford, UK}
}

@inproceedings{sipocz2016astroquery,
  title={Astroquery: querying astronomical web forms and databases},
  author={Sipocz, Brigitta},
  booktitle={Python in Astronomy 2016},
  year={2016}
}

@article{robitaille2013astropy,
  title={Astropy: A community Python package for astronomy},
  author={Robitaille, Thomas P and Tollerud, Erik J and Greenfield, Perry and Droettboom, Michael and Bray, Erik and Aldcroft, Tom and Davis, Matt and Ginsburg, Adam and Price-Whelan, Adrian M and Kerzendorf, Wolfgang E and others},
  journal={Astronomy \& Astrophysics},
  volume={558},
  pages={A33},
  year={2013},
  publisher={EDP Sciences}
}

@article{oort1926stars,
  title={The stars of high velocity},
  author={Oort, Jan Hendrik},
  year={1926}
}

@article{maciel1999amm,
  title={AMM Maciel et al., Phys. Rev. C 59, 2103 (1999).},
  author={Maciel, AMM},
  journal={Phys. Rev. C},
  volume={59},
  pages={2103},
  year={1999}
}

@article{keel1985recognition,
  title={Recognition and classification of galaxies with optical jets},
  author={Keel, WC},
  journal={The Astronomical Journal},
  volume={90},
  pages={2207--2217},
  year={1985}
}

@article{van1983radio,
  title={Radio and optical observations of the alleged optical jet in DA 240},
  author={van Breugel, W and Heckman, T and Bridle, A and Butcher, H and Strom, R and Balick, B},
  journal={The Astrophysical Journal},
  volume={275},
  pages={61--68},
  year={1983}
}

@article{romanishin19841240,
  title={1240-057: GIANT JET OF COLLIDING GALAXIES?},
  author={Romanishin, W},
  journal={Publications of the Astronomical Society of the Pacific},
  volume={96},
  number={575},
  pages={24},
  year={1984},
  publisher={IOP Publishing}
}

@article{vorontsov1977atlas,
  title={Atlas of interacting galaxies, part II and the concept of fragmentation of galaxies.},
  author={Vorontsov-Velyaminov, BA},
  journal={Astronomy and Astrophysics Supplement Series},
  volume={28},
  pages={1--117},
  year={1977}
}

@article{schweizer1983colliding,
  title={Colliding and merging galaxies. II-S0 galaxies with polar rings},
  author={Schweizer, F and Whitmore, BC and Rubin, VC},
  journal={The Astronomical Journal},
  volume={88},
  pages={909--925},
  year={1983}
}

@article{veron1980nature,
  title={On the nature of the so-called narrow-line X-ray galaxies},
  author={Veron, P and Lindblad, PO and Zuiderwijk, EJ and Veron, MP and Adam, G},
  journal={Astronomy and Astrophysics},
  volume={87},
  pages={1--177},
  year={1980}
}

@article{lorre1978enhancement,
  title={Enhancement of the jets in NGC 1097},
  author={Lorre, JJ},
  journal={The Astrophysical Journal},
  volume={222},
  pages={L99--L103},
  year={1978}
}

@article{de1958tilt,
  title={Tilt Criteria and Direction of Rotation of Spiral Galaxies.},
  author={De Vaucouleurs, G},
  journal={The Astrophysical Journal},
  volume={127},
  pages={487},
  year={1958}
}

@article{heckman1981optical,
  title={Optical emission-line gas associated with dominant cluster galaxies},
  author={Heckman, TM},
  journal={The Astrophysical Journal},
  volume={250},
  pages={L59--L63},
  year={1981}
}

@article{asari2007history,
  title={The history of star-forming galaxies in the Sloan Digital Sky Survey},
  author={Asari, NV and Cid Fernandes, R and Stasi{\'n}ska, G and Torres-Papaqui, JP and Mateus, A and Sodr{\'e}, L and Schoenell, W and Gomes, JM and SEAGal collaboration},
  journal={Monthly Notices of the Royal Astronomical Society},
  volume={381},
  number={1},
  pages={263--279},
  year={2007},
  publisher={The Royal Astronomical Society}
}

@article{wright2010wide,
  title={The Wide-field Infrared Survey Explorer (WISE): mission description and initial on-orbit performance},
  author={Wright, Edward L and Eisenhardt, Peter RM and Mainzer, Amy K and Ressler, Michael E and Cutri, Roc M and Jarrett, Thomas and Kirkpatrick, J Davy and Padgett, Deborah and McMillan, Robert S and Skrutskie, Michael and others},
  journal={The Astronomical Journal},
  volume={140},
  number={6},
  pages={1868},
  year={2010},
  publisher={IOP Publishing}
}

@article{begelman1984theory,
  title={Theory of extragalactic radio sources},
  author={Begelman, Mitchell C and Blandford, Roger D and Rees, Martin J},
  journal={Reviews of Modern Physics},
  volume={56},
  number={2},
  pages={255},
  year={1984},
  publisher={APS}
}

@article{ferrari1998modeling,
  title={Modeling extragalactic jets},
  author={Ferrari, Attilio},
  journal={Annual Review of Astronomy and Astrophysics},
  volume={36},
  number={1},
  pages={539--598},
  year={1998},
  publisher={Annual Reviews 4139 El Camino Way, PO Box 10139, Palo Alto, CA 94303-0139, USA}
}

@incollection{blandford1990physical,
  title={Physical processes in active galactic nuclei},
  author={Blandford, Roger D},
  booktitle={Active Galactic Nuclei},
  pages={161--275},
  year={1990},
  publisher={Springer}
}

@book{krolik1999active,
  title={Active galactic nuclei: from the central black hole to the galactic environment},
  author={Krolik, Julian Henry},
  year={1999},
  publisher={Princeton University Press}
}

@article{meier2001magnetohydrodynamic,
  title={Magnetohydrodynamic production of relativistic jets},
  author={Meier, David L and Koide, Shinji and Uchida, Yutaka},
  journal={Science},
  volume={291},
  number={5501},
  pages={84--92},
  year={2001},
  publisher={American Association for the Advancement of Science}
}

@inproceedings{collin2006quasars,
  title={Quasars and Galactic Nuclei, a Half-Century Agitated Story},
  author={Collin, Suzy},
  booktitle={AIP Conference Proceedings},
  volume={861},
  number={1},
  pages={587--595},
  year={2006},
  organization={AIP}
}

@article{blandford1977electromagnetic,
  title={Electromagnetic extraction of energy from Kerr black holes},
  author={Blandford, Roger D and Znajek, Roman L},
  journal={Monthly Notices of the Royal Astronomical Society},
  volume={179},
  number={3},
  pages={433--456},
  year={1977},
  publisher={Oxford University Press Oxford, UK}
}

@article{blandford1982hydromagnetic,
  title={Hydromagnetic flows from accretion discs and the production of radio jets},
  author={Blandford, RD and Payne, DG},
  journal={Monthly Notices of the Royal Astronomical Society},
  volume={199},
  number={4},
  pages={883--903},
  year={1982},
  publisher={Oxford University Press Oxford, UK}
}

@article{begelman1984theory,
  title={Theory of extragalactic radio sources},
  author={Begelman, Mitchell C and Blandford, Roger D and Rees, Martin J},
  journal={Reviews of Modern Physics},
  volume={56},
  number={2},
  pages={255},
  year={1984},
  publisher={APS}
}

@article{punsly1990ergosphere,
  title={Ergosphere-driven winds},
  author={Punsly, B and Coroniti, FV},
  journal={The Astrophysical Journal},
  volume={354},
  pages={583--615},
  year={1990}
}

@article{koide2003magnetic,
  title={Magnetic extraction of black hole rotational energy: Method and results of general relativistic magnetohydrodynamic simulations in Kerr space-time},
  author={Koide, Shinji},
  journal={Physical Review D},
  volume={67},
  number={10},
  pages={104010},
  year={2003},
  publisher={APS}
}

@article{koide2000general,
  title={General relativistic simulations of early jet formation in a rapidly rotating black hole magnetosphere},
  author={Koide, Shinji and Meier, David L and Shibata, Kazunari and Kudoh, Takahiro},
  journal={The Astrophysical Journal},
  volume={536},
  number={2},
  pages={668},
  year={2000},
  publisher={IOP Publishing}
}


@article{komissarov2005observations,
  title={Observations of the Blandford--Znajek process and the magnetohydrodynamic Penrose process in computer simulations of black hole magnetospheres},
  author={Komissarov, SS},
  journal={Monthly Notices of the Royal Astronomical Society},
  volume={359},
  number={3},
  pages={801--808},
  year={2005},
  publisher={Blackwell Science Ltd Oxford, UK}
}

@article{tchekhovskoy2008simulations,
  title={Simulations of ultrarelativistic magnetodynamic jets from gamma-ray burst engines},
  author={Tchekhovskoy, Alexander and McKinney, Jonathan C and Narayan, Ramesh},
  journal={Monthly Notices of the Royal Astronomical Society},
  volume={388},
  number={2},
  pages={551--572},
  year={2008},
  publisher={Blackwell Publishing Ltd Oxford, UK}
}

@article{hawley2006magnetically,
  title={Magnetically driven jets in the Kerr metric},
  author={Hawley, John F and Krolik, Julian H},
  journal={The Astrophysical Journal},
  volume={641},
  number={1},
  pages={103},
  year={2006},
  publisher={IOP Publishing}
}

@article{mckinney2006general,
  title={General relativistic magnetohydrodynamic simulations of the jet formation and large-scale propagation from black hole accretion systems},
  author={McKinney, Jonathan C},
  journal={Monthly Notices of the Royal Astronomical Society},
  volume={368},
  number={4},
  pages={1561--1582},
  year={2006},
  publisher={Blackwell Publishing Ltd Oxford, UK}
}

@article{mckinney2007disc,
  title={Disc--jet coupling in black hole accretion systems--I. General relativistic magnetohydrodynamical models},
  author={McKinney, Jonathan C and Narayan, Ramesh},
  journal={Monthly Notices of the Royal Astronomical Society},
  volume={375},
  number={2},
  pages={513--530},
  year={2007},
  publisher={Blackwell Publishing Ltd Oxford, UK}
}

@article{punsly2007three,
  title={Three-dimensional simulations of ergospheric disk-driven poynting jets},
  author={Punsly, Brian},
  journal={The Astrophysical Journal Letters},
  volume={661},
  number={1},
  pages={L21},
  year={2007},
  publisher={IOP Publishing}
}

@article{mckinney2004measurement,
  title={A measurement of the electromagnetic luminosity of a Kerr black hole},
  author={McKinney, Jonathan C and Gammie, Charles F},
  journal={The Astrophysical Journal},
  volume={611},
  number={2},
  pages={977},
  year={2004},
  publisher={IOP Publishing}
}

@article{de2005magnetically,
  title={Magnetically driven accretion in the Kerr metric. III. Unbound outflows},
  author={De Villiers, Jean-Pierre and Hawley, John F and Krolik, Julian H and Hirose, Shigenobu},
  journal={The Astrophysical Journal},
  volume={620},
  number={2},
  pages={878},
  year={2005},
  publisher={IOP Publishing}
}

@inproceedings{tody1993iraf,
  title={IRAF in the Nineties},
  author={Tody, Doug},
  booktitle={Astronomical Data Analysis Software and Systems II},
  volume={52},
  pages={173},
  year={1993}
}

@ARTICLE{monniera,
   author = {{Monnier Ragaigne}, D. and {van Driel}, W. and {Schneider}, S.~E. and 
	{Jarrett}, T.~H. and {Balkowski}, C.},
    title = "{A search for Low Surface Brightness galaxies in the near-infrared. I. Selection of the sample}",
  journal = {\aap},
   eprint = {astro-ph/0304380},
 keywords = {galaxies: fundamental parameters, galaxies: general, galaxies: photometry, infrared: galaxies},
     year = 2003,
    month = jul,
   volume = 405,
    pages = {99-109},
      doi = {10.1051/0004-6361:20030585},
   adsurl = {http://adsabs.harvard.edu/abs/2003A%26A...405...99M},
  adsnote = {Provided by the SAO/NASA Astrophysics Data System}
}

@ARTICLE{monnierb,
   author = {{Monnier Ragaigne}, D. and {van Driel}, W. and {Balkowski}, C. and 
	{Boissier}, S. and {Prantzos}, N.},
    title = "{The properties of low surface brightness galaxies}",
  journal = {\apss},
   eprint = {astro-ph/0209614},
 keywords = {Galaxies: fundamental parameters, Galaxies: general, Galaxies: photometry, Infrared: galaxies, Radio lines: galaxies},
     year = 2003,
    month = apr,
   volume = 284,
    pages = {917-920},
      doi = {10.1023/A:1024091424253},
   adsurl = {http://adsabs.harvard.edu/abs/2003Ap%26SS.284..917M},
  adsnote = {Provided by the SAO/NASA Astrophysics Data System}
}

@ARTICLE{kennicutt08,
   author = {{Kennicutt}, Jr., R.~C. and {Lee}, J.~C. and {Funes}, J.~G. and 
	{J.}, S. and {Sakai}, S. and {Akiyama}, S.},
    title = "{An H{$\alpha$} Imaging Survey of Galaxies in the Local 11 Mpc Volume}",
  journal = {\apjs},
archivePrefix = "arXiv",
   eprint = {0807.2035},
 keywords = {catalogs, galaxies: evolution, galaxies: ISM, H II regions, stars: formation},
     year = 2008,
    month = oct,
   volume = 178,
    pages = {247-279},
      doi = {10.1086/590058},
   adsurl = {http://adsabs.harvard.edu/abs/2008ApJS..178..247K},
  adsnote = {Provided by the SAO/NASA Astrophysics Data System}
}

@ARTICLE{salo2015,
   author = {{Salo}, H. and {Laurikainen}, E. and {Laine}, J. and {Comer{\'o}n}, S. and 
	{Gadotti}, D.~A. and {Buta}, R. and {Sheth}, K. and {Zaritsky}, D. and 
	{Ho}, L. and {Knapen}, J. and {Athanassoula}, E. and {Bosma}, A. and 
	{Laine}, S. and {Cisternas}, M. and {Kim}, T. and {Mu{\~n}oz-Mateos}, J.~C. and 
	{Regan}, M. and {Hinz}, J.~L. and {Gil de Paz}, A. and {Menendez-Delmestre}, K. and 
	{Mizusawa}, T. and {Erroz-Ferrer}, S. and {Meidt}, S.~E. and 
	{Querejeta}, M.},
    title = "{The Spitzer Survey of Stellar Structure in Galaxies (S$^{4}$G): Multi-component Decomposition Strategies and Data Release}",
  journal = {\apjs},
archivePrefix = "arXiv",
   eprint = {1503.06550},
 keywords = {galaxies: fundamental parameters, galaxies: kinematics and dynamics, galaxies: spiral, galaxies: structure},
     year = 2015,
    month = jul,
   volume = 219,
      eid = {4},
    pages = {4},
      doi = {10.1088/0067-0049/219/1/4},
   adsurl = {http://adsabs.harvard.edu/abs/2015ApJS..219....4S},
  adsnote = {Provided by the SAO/NASA Astrophysics Data System}
}

@ARTICLE{faber,
   author = {{Faber}, S.~M. and {Friel}, E.~D. and {Burstein}, D. and {Gaskell}, C.~M.
	},
    title = "{Old stellar populations. II - an analysis of K-giant spectra}",
  journal = {\apjs},
 keywords = {Absorption Spectra, Abundance, Giant Stars, K Stars, Metallic Stars, Spectrum Analysis, Stellar Spectra, Atmospheric Composition, Globular Clusters, Late Stars, Metallicity, Populations, Spectral Resolution},
     year = 1985,
    month = apr,
   volume = 57,
    pages = {711-741},
      doi = {10.1086/191024},
   adsurl = {http://adsabs.harvard.edu/abs/1985ApJS...57..711F},
  adsnote = {Provided by the SAO/NASA Astrophysics Data System}
}

@article{padovani2017active,
  title={Active galactic nuclei: what’s in a name?},
  author={Padovani, Paolo and Alexander, DM and Assef, RJ and De Marco, B and Giommi, P and Hickox, RC and Richards, GT and Smol{\v{c}}i{\'c}, Vernesa and Hatziminaoglou, E and Mainieri, V and others},
  journal={The Astronomy and Astrophysics Review},
  volume={25},
  pages={2},
  year={2017},
  publisher={Springer}
}

@inproceedings{hills2013empirical,
  title={An empirical study of PHP feature usage: a static analysis perspective},
  author={Hills, Mark and Klint, Paul and Vinju, Jurgen},
  booktitle={Proceedings of the 2013 international symposium on software testing and analysis},
  pages={325--335},
  year={2013},
  organization={ACM}
}